<?xml version="1.0" encoding="UTF-8"?>
  <record xmlns="http://www.loc.gov/MARC21/slim" type="Authority">
    <leader>00000nz  a2200000nc 4500</leader>
    <controlfield tag="001">119879727</controlfield>
    <controlfield tag="003">DE-101</controlfield>
    <controlfield tag="005">20211108123843.0</controlfield>
    <controlfield tag="008">060317n||aznnnaabn           | aaa    |c</controlfield>
    <datafield tag="024" ind1="7" ind2=" ">
      <subfield code="a">119879727</subfield>
      <subfield code="0">http://d-nb.info/gnd/119879727</subfield>
      <subfield code="2">gnd</subfield>
    </datafield>
    <datafield tag="035" ind1=" " ind2=" ">
      <subfield code="a">(DE-101)119879727</subfield>
    </datafield>
    <datafield tag="035" ind1=" " ind2=" ">
      <subfield code="a">(DE-588)119879727</subfield>
    </datafield>
    <datafield tag="035" ind1=" " ind2=" ">
      <subfield code="z">(DE-588a)119879727</subfield>
      <subfield code="9">v:zg</subfield>
    </datafield>
    <datafield tag="040" ind1=" " ind2=" ">
      <subfield code="a">DE-12</subfield>
      <subfield code="c">DE-12</subfield>
      <subfield code="9">r:DE-12</subfield>
      <subfield code="b">ger</subfield>
      <subfield code="d">1031</subfield>
    </datafield>
    <datafield tag="042" ind1=" " ind2=" ">
      <subfield code="a">gnd1</subfield>
    </datafield>
    <datafield tag="043" ind1=" " ind2=" ">
      <subfield code="c">XA-DE</subfield>
      <subfield code="c">XA-CZ</subfield>
    </datafield>
    <datafield tag="075" ind1=" " ind2=" ">
      <subfield code="b">p</subfield>
      <subfield code="2">gndgen</subfield>
    </datafield>
    <datafield tag="075" ind1=" " ind2=" ">
      <subfield code="b">piz</subfield>
      <subfield code="2">gndspec</subfield>
    </datafield>
    <datafield tag="079" ind1=" " ind2=" ">
      <subfield code="a">g</subfield>
      <subfield code="q">a</subfield>
      <subfield code="q">f</subfield>
      <subfield code="q">t</subfield>
    </datafield>
    <datafield tag="100" ind1="1" ind2=" ">
      <subfield code="a">Špán, Vavřinec</subfield>
      <subfield code="d">1530-1575</subfield>
    </datafield>
    <datafield tag="400" ind1="1" ind2=" ">
      <subfield code="a">Span, Laurentius</subfield>
      <subfield code="d">1530-1575</subfield>
    </datafield>
    <datafield tag="400" ind1="1" ind2=" ">
      <subfield code="a">Span, Laurenz</subfield>
      <subfield code="d">1530-1575</subfield>
    </datafield>
    <datafield tag="400" ind1="1" ind2=" ">
      <subfield code="a">Span von Spanow, Laurenz</subfield>
      <subfield code="d">1530-1575</subfield>
    </datafield>
    <datafield tag="400" ind1="1" ind2=" ">
      <subfield code="a">Span von Spanow, Laurentius</subfield>
      <subfield code="d">1530-1575</subfield>
    </datafield>
    <datafield tag="400" ind1="1" ind2=" ">
      <subfield code="a">Spanow, Laurenz Span &#152;von&#156;</subfield>
      <subfield code="d">1530-1575</subfield>
    </datafield>
    <datafield tag="400" ind1="1" ind2=" ">
      <subfield code="a">Spanau, Laurenz Span &#152;von&#156;</subfield>
      <subfield code="d">1530-1575</subfield>
    </datafield>
    <datafield tag="400" ind1="1" ind2=" ">
      <subfield code="a">Span a Spanow, Laurentius</subfield>
      <subfield code="d">1530-1575</subfield>
    </datafield>
    <datafield tag="400" ind1="1" ind2=" ">
      <subfield code="a">Span a Sspanow, Laurentius</subfield>
      <subfield code="d">1530-1575</subfield>
    </datafield>
    <datafield tag="400" ind1="1" ind2=" ">
      <subfield code="a">Span a Spanaw, Laurentius</subfield>
      <subfield code="d">1530-1575</subfield>
    </datafield>
    <datafield tag="400" ind1="1" ind2=" ">
      <subfield code="a">Spanow, Laurentius Span &#152;a&#156;</subfield>
      <subfield code="d">1530-1575</subfield>
    </datafield>
    <datafield tag="548" ind1=" " ind2=" ">
      <subfield code="a">1530-1575</subfield>
      <subfield code="4">datl</subfield>
      <subfield code="4">https://d-nb.info/standards/elementset/gnd#dateOfBirthAndDeath</subfield>
      <subfield code="w">r</subfield>
      <subfield code="i">Lebensdaten</subfield>
      <subfield code="9">v:abw. Geburtsjahr 1539</subfield>
    </datafield>
    <datafield tag="548" ind1=" " ind2=" ">
      <subfield code="a">-24.02.1575</subfield>
      <subfield code="4">datx</subfield>
      <subfield code="4">https://d-nb.info/standards/elementset/gnd#dateOfDeath</subfield>
      <subfield code="w">r</subfield>
      <subfield code="i">Exakte Lebensdaten</subfield>
    </datafield>
    <datafield tag="551" ind1=" " ind2=" ">
      <subfield code="0">(DE-101)041051548</subfield>
      <subfield code="0">(DE-588)4105154-3</subfield>
      <subfield code="0">https://d-nb.info/gnd/4105154-3</subfield>
      <subfield code="a">Saaz</subfield>
      <subfield code="4">ortg</subfield>
      <subfield code="4">https://d-nb.info/standards/elementset/gnd#placeOfBirth</subfield>
      <subfield code="w">r</subfield>
      <subfield code="i">Geburtsort</subfield>
    </datafield>
    <datafield tag="551" ind1=" " ind2=" ">
      <subfield code="0">(DE-101)040763102</subfield>
      <subfield code="0">(DE-588)4076310-9</subfield>
      <subfield code="0">https://d-nb.info/gnd/4076310-9</subfield>
      <subfield code="a">Prag</subfield>
      <subfield code="4">ortw</subfield>
      <subfield code="4">https://d-nb.info/standards/elementset/gnd#placeOfActivity</subfield>
      <subfield code="w">r</subfield>
      <subfield code="i">Wirkungsort</subfield>
    </datafield>
    <datafield tag="551" ind1=" " ind2=" ">
      <subfield code="0">(DE-101)040756432</subfield>
      <subfield code="0">(DE-588)4075643-9</subfield>
      <subfield code="0">https://d-nb.info/gnd/4075643-9</subfield>
      <subfield code="a">Olmütz</subfield>
      <subfield code="4">ortw</subfield>
      <subfield code="4">https://d-nb.info/standards/elementset/gnd#placeOfActivity</subfield>
      <subfield code="w">r</subfield>
      <subfield code="i">Wirkungsort</subfield>
    </datafield>
    <datafield tag="551" ind1=" " ind2=" ">
      <subfield code="0">(DE-101)041103904</subfield>
      <subfield code="0">(DE-588)4110390-7</subfield>
      <subfield code="0">https://d-nb.info/gnd/4110390-7</subfield>
      <subfield code="a">Kremsier</subfield>
      <subfield code="4">ortw</subfield>
      <subfield code="4">https://d-nb.info/standards/elementset/gnd#placeOfActivity</subfield>
      <subfield code="w">r</subfield>
      <subfield code="i">Wirkungsort</subfield>
    </datafield>
    <datafield tag="551" ind1=" " ind2=" ">
      <subfield code="0">(DE-101)041051548</subfield>
      <subfield code="0">(DE-588)4105154-3</subfield>
      <subfield code="0">https://d-nb.info/gnd/4105154-3</subfield>
      <subfield code="a">Saaz</subfield>
      <subfield code="4">orts</subfield>
      <subfield code="4">https://d-nb.info/standards/elementset/gnd#placeOfDeath</subfield>
      <subfield code="w">r</subfield>
      <subfield code="i">Sterbeort</subfield>
    </datafield>
    <datafield tag="667" ind1=" " ind2=" ">
      <subfield code="a">VD-16</subfield>
    </datafield>
    <datafield tag="667" ind1=" " ind2=" ">
      <subfield code="a">VD-17</subfield>
    </datafield>
    <datafield tag="670" ind1=" " ind2=" ">
      <subfield code="a">WBIS</subfield>
    </datafield>
    <datafield tag="670" ind1=" " ind2=" ">
      <subfield code="a">E. Wondrák, Der Arzt Und Dichter Laurentius Span. In: Medizinhistorisches Journal 18 (1983), S. 238-9</subfield>
      <subfield code="u">http://www.jstor.org/stable/25803748</subfield>
    </datafield>
    <datafield tag="670" ind1=" " ind2=" ">
      <subfield code="a">E. Wondrák, Drei Bilder eines Arztes des 16. Jahrhunderts. In: Medizinhistorisches Journal 18 (1983), S. 250-55</subfield>
      <subfield code="u">https://www.jstor.org/stable/25803749</subfield>
    </datafield>
    <datafield tag="672" ind1=" " ind2="0">
      <subfield code="a">Špán, Vavřinec: Elegia in nuptiis pii ac eruditi iuvenis Esaiae Tycii Leoburgensis et honestae virginis Margarethae ...  1550.  (VD16 S 7451)</subfield>
    </datafield>
    <datafield tag="672" ind1=" " ind2="0">
      <subfield code="a">Špán, Vavřinec: LAVRENTII SPAN A SSPANOVV DOCTORIS MEDICI HYPOMNEMATA AD CONSERVANDAM BONAM ...  1565.  (VD16 S 7454)</subfield>
    </datafield>
    <datafield tag="672" ind1=" " ind2="0">
      <subfield code="a">Špán, Vavřinec: Elegia.  1574.  (VD16 S 7456)</subfield>
    </datafield>
    <datafield tag="672" ind1=" " ind2="0">
      <subfield code="a">Špán, Vavřinec: Litera Christiana Y versibus descripta a Laurentio Span Sacense. Huic adiuncta est eiusdem ...  1549.  (VD16 S 7455)</subfield>
    </datafield>
    <datafield tag="672" ind1=" " ind2="0">
      <subfield code="a">Špán, Vavřinec: Laurentii Span a Spanaw doctoris medici De aetatibus hominis iuxta ordinem planetarum liber.  1566.  (VD16 S 7448)</subfield>
    </datafield>
    <datafield tag="672" ind1=" " ind2="0">
      <subfield code="a">Špán, Vavřinec: SPAGIROLOGIA. Scripta carmine Elegiaco, A Laurentio Span a Spanauu Doctore Medico..  1574.  (VD16 ZV 14541)</subfield>
    </datafield>
    <datafield tag="672" ind1=" " ind2="0">
      <subfield code="a">Dietrich, Veit: SIMPLEX ET PERSPICVA EXPLICATIO, INSIGNIVM ET IVCVNDISSIMARVM Sententiarum ex Ioanne ...  1551.  (VD16 D 1554)</subfield>
    </datafield>
    <datafield tag="672" ind1=" " ind2="0">
      <subfield code="a">Špán, Vavřinec: Laurentii Span a Spanaw doctoris medici Anabiosis sive de mortuorum resurrectione libri duo, ...  1574.  (VD16 S 7449)</subfield>
    </datafield>
    <datafield tag="672" ind1=" " ind2="0">
      <subfield code="a">Špán, Vavřinec: Laurentii Span a Sspanow doctoris medici Carmen amoris ergo scriptum ad ... Bartholomeum Metel, ...  1565.  (VD16 S 7450)</subfield>
    </datafield>
    <datafield tag="672" ind1=" " ind2="0">
      <subfield code="a">Špán, Vavřinec: Epithalamion de coniugio eruditi viri Caspari Zimleri et ... virginis Elisabet, filiae reverendi ...  1550.  (VD16 S 7453)</subfield>
    </datafield>
    <datafield tag="678" ind1=" " ind2=" ">
      <subfield code="b">böhmischer Arzt, Dichter, Musiker, Protestant; immatrikulierte sich am 23.4.1545 in Wittenberg; 1550 Heirat mit Fides Forster, Tochter des Professors für Theologie und hebräische Sprache Johann Forster; am 28.1.1558 verlieh ihm König von Ferdinand I. das Adelsprädikat "von Spanow"; ab 1566 Leibarzt des Olmützer Bischofs Wilhelm Prusinovský; 2. Heirat im Oktober 1567; 1574 vermutlich zurück in seine Geburtsstadt gegangen</subfield>
    </datafield>
    <datafield tag="913" ind1=" " ind2=" ">
      <subfield code="S">pnd</subfield>
      <subfield code="i">a</subfield>
      <subfield code="a">Špán, Vavřinec</subfield>
      <subfield code="0">(DE-588a)119879727</subfield>
    </datafield>
  </record>
